<?xml version="1.0" encoding="UTF-8"?>
<collection xmlns:xsi="http://www.w3.org/2001/XMLSchema-instance" xsi:schemaLocation="http://www.loc.gov/MARC21/slim http://www.loc.gov/standards/marcxml/schema/MARC21slim.xsd" xmlns="http://www.loc.gov/MARC21/slim">
<record>
  <leader>00973cam a2200253   4500</leader>
  <controlfield tag="001">3169740</controlfield>
  <controlfield tag="003">NNC</controlfield>
  <controlfield tag="005">20130426144508.0</controlfield>
  <controlfield tag="008">900504s1928    ua            000 0 ara  </controlfield>
  <datafield tag="010" ind1=" " ind2=" ">
    <subfield code="a">   71255792 </subfield>
  </datafield>
  <datafield tag="035" ind1=" " ind2=" ">
    <subfield code="a">(OCoLC)ocm21480188</subfield>
  </datafield>
  <datafield tag="035" ind1=" " ind2=" ">
    <subfield code="9">AUB0978CU</subfield>
  </datafield>
  <datafield tag="035" ind1=" " ind2=" ">
    <subfield code="a">(NNC)3169740</subfield>
  </datafield>
  <datafield tag="040" ind1=" " ind2=" ">
    <subfield code="a">DLC</subfield>
    <subfield code="c">WAU</subfield>
    <subfield code="d">WAU</subfield>
    <subfield code="d">OCL</subfield>
    <subfield code="d">ZCU</subfield>
  </datafield>
  <datafield tag="050" ind1="0" ind2=" ">
    <subfield code="a">BP165.5</subfield>
    <subfield code="b">.M8</subfield>
  </datafield>
  <datafield tag="099" ind1=" " ind2=" ">
    <subfield code="a">893.7M895</subfield>
    <subfield code="a">T</subfield>
  </datafield>
  <datafield tag="100" ind1="0" ind2=" ">
    <subfield code="a">Muḥammad ibn ʻAbd al-Wahhāb,</subfield>
    <subfield code="d">1703 or 1704-1792.</subfield>
  </datafield>
  <datafield tag="245" ind1="1" ind2="0">
    <subfield code="a">Masāʾil al-jāhilīyah allatī khālafa fīhā Rasūl Allāh ahl al-jāhilīyah,</subfield>
    <subfield code="c">allafa aṣlahā Muḥammad ibn ʻAbd al-Wahhāb. Wa-tawassuʻ fīhā ʻalá hādhā al-waḍʻ Maḥmūd Shukrī al-Ālūsī.</subfield>
  </datafield>
  <datafield tag="260" ind1=" " ind2=" ">
    <subfield code="a">al-Qāhirah,</subfield>
    <subfield code="b">al-Maṭbaʾah al-Salafīyah wa-Maktabatuhā,</subfield>
    <subfield code="c">1347 [1928 or 9]</subfield>
  </datafield>
  <datafield tag="300" ind1=" " ind2=" ">
    <subfield code="a">150 p.</subfield>
    <subfield code="c">20 cm.</subfield>
  </datafield>
  <datafield tag="650" ind1=" " ind2="0">
    <subfield code="a">Islam</subfield>
    <subfield code="x">Doctrines.</subfield>
  </datafield>
  <datafield tag="650" ind1=" " ind2="0">
    <subfield code="a">Religious life</subfield>
    <subfield code="x">Islam.</subfield>
  </datafield>
  <datafield tag="700" ind1="1" ind2=" ">
    <subfield code="a">Ālūsī, Maḥmūd Shukrī,</subfield>
    <subfield code="d">1857-1924.</subfield>
  </datafield>
  <datafield tag="955" ind1=" " ind2=" ">
    <subfield code="b">CU58950630</subfield>
    <subfield code="d">off,glx</subfield>
    <subfield code="e">893.7M895 T</subfield>
  </datafield>
</record>
</collection>